@article{giuggioli2020exact,
  title={Exact spatiotemporal dynamics of confined lattice random walks in arbitrary dimensions: A century after Smoluchowski and P{\'o}lya},
  author={Giuggioli, Luca},
  journal={Physical Review X},
  volume={10},
  number={2},
  pages={021045},
  year={2020},
  publisher={APS}
}

@article{huang2020predicting,
  title={Predicting many properties of a quantum system from very few measurements},
  author={Huang, Hsin-Yuan and Kueng, Richard and Preskill, John},
  journal={Nature Physics},
  volume={16},
  number={10},
  pages={1050--1057},
  year={2020},
  publisher={Nature Publishing Group UK London}
}

@article{nielsen2001quantum,
  title={Quantum computation and quantum information},
  author={Nielsen, Michael A and Chuang, Isaac L},
  journal={Phys. Today},
  volume={54},
  number={2},
  pages={60},
  year={2001}
}

@article{bertoni2022shallow,
  title={Shallow shadows: Expectation estimation using low-depth random clifford circuits},
  author={Bertoni, Christian and Haferkamp, Jonas and Hinsche, Marcel and Ioannou, Marios and Eisert, Jens and Pashayan, Hakop},
  journal={arXiv preprint arXiv:2209.12924},
  year={2022}
}

@article{bravyi2002fermionic,
  title={Fermionic quantum computation},
  author={Bravyi, Sergey B and Kitaev, Alexei Yu},
  journal={Annals of Physics},
  volume={298},
  number={1},
  pages={210--226},
  year={2002},
  publisher={Elsevier}
}

@article{wan2023matchgate,
  title={Matchgate shadows for fermionic quantum simulation},
  author={Wan, Kianna and Huggins, William J and Lee, Joonho and Babbush, Ryan},
  journal={Communications in Mathematical Physics},
  volume={404},
  number={2},
  pages={629--700},
  year={2023},
  publisher={Springer}
}