@article{giuggioli2020exact,
  title={Exact spatiotemporal dynamics of confined lattice random walks in arbitrary dimensions: A century after Smoluchowski and P{\'o}lya},
  author={Giuggioli, Luca},
  journal={Physical Review X},
  volume={10},
  number={2},
  pages={021045},
  year={2020},
  publisher={APS}
}